@article{heitler,
   author={W. Heitler and F. London},
   journal={Z. Physik},
   year={1927},
   volume={44},
   pages={455-472}}
@article{lewis,
   author={G. N. Lewis},
   journal={J. Am. Chem. Soc.},
   year={1916},
   volume={38},
   pages={762-785}}
@book{powell,
   author={P. Powell},
   booktitle={Principles of Organometallic Chemistry},
   publisher={Chapman and Hall},
   address={London},
   year={1988},
   edition={2nd}}
@book{shriver,
   author={D. F. Shriver and P. W. Atkins and C. H. Langford},
   booktitle={Inorganic Chemistry},
   publisher={Oxford University Press},
   address={Oxford},
   year={1990},
   edition={1st}}
@article{jutzi,
   author={P. J\"{u}tzi and N. Burford},
   journal={Chem. Rev.},
   year={1999},
   volume={99},
   pages={969-990}}
@article{macdonald,
   author={C. L. B. Macdonald and J. D. Gordon and A. Voigt and A. H. Cowley},
   journal={J. Am. Chem. Soc.},
   year={2000},
   volume={122},
   pages={11725-11726}}
@inbook{kwon,
   author={C. Kwon and M. L. McKee},
   title={Main-Group Half-Sandwich and Full-Sandwich Metallocenes},
   booktitle={Computational Organometallic Chemistry},
   editor={T. R. Cundari},
   publisher={Marcel Dekker},
   address={New York},
   year={2001}}
@article{rayon,
   author={V. M. Ray\'{o}n and G. Frenking},
   journal={Chem. Eur. J.},
   year={2002},
   volume={8},
   pages={4693-4707}}
@article{coulson,
   author={B. H. Chirgwin and C. A. Coulson},
   journal={Proc. Royal Soc. London A},
   year={1950},
   volume={201},
   pages={196-209}}
@article{lowdin,
   author={P. O. L\"{o}wdin},
   journal={J. Chem. Phys},
   year={1950},
   volume={18},
   pages={365-375}}
@article{havenith,
   author={R. W. A. Havenith and J. H. {van Lenthe} and F. Dijkstra and L. W. Jenneskens},
   journal={J. Phys. Chem. A},
   year={2001},
   volume={105},
   pages={3838-3845}}
@article{foster,
   author={J. M. Foster and S. F. Boys},
   journal={Rev. Mod. Phys.},
   year={1960},
   volume={32},
   pages={300-302}}
@article{kalemos,
   author={A. Kalemos and A. Mavridis and A. Metropoulos},
   journal={J. Chem. Phys.},
   year={2002},
   volume={116},
   pages={6529-6540}} 
@article{vbscf1,
   author={J. H. {van Lenthe} and G. G. Balint-Kurti},
   journal={Chem. Phys. Lett},
   year={1980},
   volume={76},
   pages={138-142}}
@article{vbscf2,
   author={J. H. {van Lenthe} and G. G. Balint-Kurti},
   journal={J. Chem. Phys},
   year={1983},
   volume={78},
   pages={5699-5713}}
@article{bovb1,
   author={P. C. Hiberty and S. Humbel and C. P. Byrman and J. H. {van Lenthe}},
   journal={J. Chem. Phys.},
   year={1994},
   volume={101},
   pages={5969-5979}}
@article{bovb2,
   author={P. C. Hiberty and S. Shaik},
   journal={Theor. Chem. Acc.},
   year={2002},
   volume={108},
   pages={255-272}}
@remark{molden,
   note={Orbital pictures are made with Molden.
          Schaftenaar,~G.;\ \ Noordik,~J.~H. \textit{J. Comput.-Aided Mol. Design}
          \textbf{2000,} \textsl{14,} 123-134.}}
@article{eichenseher,
   author={S. Eichenseher and O. Delacroix and K. Kromm and F. Hampel and J. A. Gladysz},
   journal={Organometallics},
   year={2005},
   volume={24},
   pages={245-255}}
@article{budzelaar,
   author={P. H. M. Budzelaar and J. J. Engelberts and J. H. van Lenthe},
   journal={Organometallics},
   year={2003},
   volume={22},
   pages={1562-1576}}
@article{pauling,
   author={L. Pauling and G. W. Wheland},
   journal={J. Chem. Phys.},
   year={1933},
   volume={1},
   pages={362-374}}
@article{gamess,
   author={M. F. Guest and I. J. Bush and H. J. J. van Dam and P. Sherwood and J. M. H. Thomas and J. H. van Lenthe and R. W. A. Havenith and J. Kendrick},
   title={The GAMESS-UK electronic structure package: Algorithms, developments and applications},
   journal={Mol. Phys.},
   volume={103},
   pages={719-747},
   year={2005}}
@article{b3,
   author={A. D. Becke},
   journal={J. Chem. Phys.},
   volume={98},
   year={1993},
   pages={1372-1377}}
@article{lyp,
   author={C. Lee and W. Yang and R. G. Parr},
   journal={Phys. Rev. B},
   volume={37},
   year={1988},
   pages={785-789}}
@remark{turtle,
      note={Verbeek, J.; Langenberg, J. H.; Byrman, C. P.; Dijkstra, F.; Havenith, R. W. A.; Engelberts, J. J.; Zielinski, M. L.; Rashid, Z.; van Lenthe, J. H. \textit{TURTLE, an ab initio VB/VBSCF program} 1988--2013.}}
@article{himmel,
   author={H. J. Himmel},
   journal={Z. Anorg. Allg. Chem.},
   volume={631},
   year={2005},
   pages={1551-1564}}
@article{hurtado,
   author={M. Hurtado and A. M. Lamsabhi and O. M{\'o} and M. Y{\'a\~n}ez and J. C. Guillemin},
   journal={Dalton Trans.},
   volume={39},
   year={2010},
   pages={4593-4601}}
@book{streitwieser,
   author={A. {Streitwieser Jr.}},
   booktitle={Molecular Orbital Theory for Organic Chemists},
   publisher={Wiley},
   address={New York},
   year={1961},
   edition={1st}}