@article{lewis,
      author={G. N. Lewis},
      journal={J. Am. Chem. Soc.},
      year={1916},
      volume={38},
      pages={762-785}}
@book{thomson,
      author={J. J. Thomson},
      title={The Corpuscular Theory of Matter},
      edition={2nd},
      year={1907},
      publisher={Archibald Constable \& Co. Ltd.},
      address={London}}
@book{boyle,
      title={The Sceptical Chymist},
      author={R. Boyle},
      publisher={J. Cadwell},
      year={1661},
      address={London}}
@book{lavoisier,
      title={Trait\'e \'Elementaire de Chimie},
      author={A.-L. de Lavoisier},
      publisher={Cuchet},
      year={1789},
      address={Paris}}
@article{mendeleev,
      journal={J. Russ. Chem. Soc.},
      author={D. I. Mendeleev},
      year={1869},
      volume={1},
      pages={60-77}}
@article{falk,
      journal={J. Am. Chem. Soc.},
      author={K. G. Falk and J. M. Nelson},
      year={1910},
      volume={32},
      pages={1637-1654}}
@article{schrodinger1,
      journal={Ann. Phys.},
      author={E. Schr\"{o}dinger},
      year={1926},
      volume={79},
      pages={361-376}}
@article{schrodinger2,
      journal={Ann. Phys.},
      author={E. Schr\"{o}dinger},
      year={1926},
      volume={79},
      pages={489-527}}
@article{schrodinger3,
      journal={Ann. Phys.},
      author={E. Schr\"{o}dinger},
      year={1926},
      volume={79},
      pages={734-756}}
@article{heisenberg,
      journal={Z. Physik},
      author={W. Heisenberg},
      year={1925},
      volume={33},
      pages={879-893}}
@article{heitler,
      journal={Z. Physik},
      author={W. Heitler and F. London},
      year={1927},
      volume={44},
      pages={455-472}}
@article{pauling1,
      author={L. Pauling}, 
      journal={J. Am. Chem. Soc.},
      year={1931},
      volume={53},
      pages={1367-1400}}
@article{pauling2,
      author={L. Pauling},
      journal={J. Am. Chem. Soc.},
      year={1931},
      volume={53},
      pages={3225-3237}}
@article{pauling3,
      author={L. Pauling},
      journal={J. Am. Chem. Soc.},
      year={1932},
      volume={54},
      pages={988-1003}}
@article{pauling4,
      author={L. Pauling},
      journal={J. Am. Chem. Soc.},
      year={1932},
      volume={54},
      pages={3570-3582}}
@article{pauling5,
      author={L. Pauling and G. W. Wheland},
      journal={J. Chem. Phys.},
      volume={1},
      pages={362-374},
      year={1933}}
@article{pauling6,
      author={L. Pauling and J. Sherman},
      journal={J. Chem. Phys.},
      volume={1},
      pages={606-617},
      year={1933}}
@article{pauling7,
      author={L. Pauling and J. Sherman},
      journal={J. Chem. Phys.},
      volume={1},
      pages={679-686},
      year={1933}}
@book{paulingbook,
      author={L. Pauling},
      title={The Nature Of The Chemical Bond},
      edition={2nd},
      year={1945},
      publisher={Cornell University Press},
      address={Ithaca, New York}}
@article{brush1,
      author={S. G. Brush},
      journal={Stud. Hist. Phil. Sci.},
      volume={30},
      year={1999},
      pages={21-79}}
@article{brush2,
      author={S. G. Brush},
      journal={Stud. Hist. Phil. Sci.},
      volume={30},
      year={1999},
      pages={263-302}}
@article{antibrush,
      author={S. Shaik and P. C. Hiberty},
      journal={Helv. Chim. Acta},
      volume={86},
      year={2003},
      pages={1063-1084}}
@book{cooperbook,
      editor={D. L. Cooper},
      title={Valence Bond Theory},
      year={2002},
      edition={1st},
      publisher={Elsevier},
      address={Amsterdam}}
@book{vboverv1,
      editor={D. L. Cooper},
      title={Valence Bond Theory},
      year={2002},
      edition={1st},
      publisher={Elsevier},
      address={Amsterdam}}
@article{vboverv2,
      author={P. C. Hiberty and S. Shaik},
      title={A survey of recent developments in ab initio valence bond theory},
      journal={J. Comput. Chem.},
      volume={28},
      year={2007},
      pages={137-151}}
@book{vboverv3,
      author={S. Shaik and P. C. Hiberty},
      title={A Chemist's Guide To Valence Bond Theory},
      year={2008},
      edition={1st},
      publisher={John Wiley \& Sons, Inc.},
      address={Hoboken, New Jersey}}
@article{hund,
      author={F. Hund},
      journal={Z. Physik},
      volume={73},
      year={1932},
      pages={1-30}}
@article{mulliken,
      author={R. S. Mulliken},
      journal={Phys. Rev.},
      volume={40},
      year={1932},
      pages={55-62}}
@book{handbook,
      editor={D. R. Lide},
      title={Handbook Of Chemistry And Physics},
      edition={71st},
      year={1990},
      publisher={CRC Press},
      address={Boca Raton}}
@remark{paulingnobel,
      note={From \textit{Nobel Lectures, Chemistry 1942-1962}, Elsevier Publishing Company, Amsterdam, 1964}}
@book{whelandbook,
      author={G. W. Wheland},
      title={The Theory Of Resonance And Its Application To Organic Chemistry},
      publisher={John Wiley \& Sons, Inc.},
      address={New York},
      edition={4th},
      year={1947}}
@article{chirgwin,
      author={B. H. Chirgwin and C. A. Coulson},
      journal={Proc. Royal Soc. London A},
      year={1950},
      volume={201},
      pages={196-209}}
@article{vbscf1,
      author={J. H. van Lenthe and G. G. Balint-Kurti},
      journal={Chem. Phys. Lett.},
      volume={76},
      year={1980},
      pages={138-142}}
@article{vbscf2, 
      author={J. H. van Lenthe and G. G. Balint-Kurti},
      journal={J. Chem. Phys.},
      volume={78},
      year={1983}, 
      pages={5699-5713}}
@article{koos1,
      author={J. H. van Lenthe and J. Verbeek and P. Pulay},
      title={Convergence and efficiency of the valence bond self-consistent field method},
      journal={Mol. Phys.},
      volume={73},
      year={1991},
      pages={1159-1170}}
@article{fokke1,
      author={F. Dijkstra and J. H. van Lenthe},
      title={Parallel Valence Bond},
      journal={J. Comput. Chem.},
      volume={22},
      year={2001},
      pages={665-672}}
@article{cyclobutt,
      author={F. Dijkstra and J. H. van Lenthe and R. W. A. Havenith and L. W. Jenneskens},
      journal={Int. J. Quant. Chem.},
      volume={91},
      year={2003},
      pages={566-574}}
@article{bestbenzene,
      author={J. H. van Lenthe and R. W. A. Havenith and F. Dijkstra and L. W. Jenneskens},
      journal={Chem. Phys. Lett.},
      volume={361},
      year={2002},
      pages={203-208}}
@article{nature,
      author={D. L. Cooper and J. Gerratt and M. Raimondi},
      journal={Nature},
      volume={323},
      year={1986},
      pages={699-701}}
@article{chembrit,
      author={J. Gerratt},
      journal={Chem. Brit.},
      volume={23},
      year={1987},
      pages={327-329}}
@article{gvb1,
      author={R. C. Ladner and W. A. {Goddard III}},
      journal={J. Chem. Phys.},
      volume={51},
      year={1969},
      pages={1073-1087}}
@article{gvb2,
      author={W. A. {Goddard III} and R. C. Ladner},
      journal={J. Am. Chem. Soc.},
      volume={93},
      year={1971},
      pages={6750-6756}}
@article{gvb3,
      author={W. J. Hunt and P. J. Hay and W. A. {Goddard III}},
      journal={J. Chem. Phys.},
      volume={57},
      year={1972},
      pages={738-748}}
@inbook{gvb4,
      booktitle={Methods of Electronic Structure Theory},
      author={F. M. Bobrowicz and W. A. {Goddard III}},
      editor={H. F. {Schaefer III}},
      chapter={4},
      volume={3},
      publisher={Plenum Press},
      address={New York},
      year={1977},
      pages={79-126},
      title={The Self Consistent Field Equations for Generalized
             Valence Bond and Open-Shell Hartree-Fock Wave Functions}}
@inbook{shavitt1,
      booktitle={Methods of Electronic Structure Theory},
      author={I. Shavitt},
      editor={H. F. {Schaefer III}},
      chapter={6},
      volume={3},
      publisher={Plenum Press},
      address={New York},
      year={1977},
      pages={189-275},
      title={The Method of Configuration Interaction}}
@inbook{mcscf,
      booktitle={Lecture notes in Quantum Chemistry},
      author={B. O. Roos},
      volume={58},
      publisher={Springer-Verlag},
      address={Berlin},
      year={1992},
      pages={175-254},
      title={The Multiconfigurational (MC) Self-Consistent Field (SCF) theory}}
@article{scvb1,
      author={D. L. Cooper and J. Gerratt and M. Raimondi},
      journal={Adv. Chem. Phys.},
      volume={69},
      year={1987},
      pages={319-397}}
@article{scvb2,
      author={D. L. Cooper and J. Gerratt and M. Raimondi},
      journal={Chem. Rev.},
      volume={91},
      year={1991},
      pages={929-964}}
@article{scvb3,
      author={D. L.  Cooper and J. Gerratt and M. Raimondi and M. Sironi and T. Thorsteinsson},
      journal={Theor. Chim. Acta},
      volume={85},
      year={1993},
      pages={261-270}}
@article{bovb1,
      author={P. C. Hiberty and S. Humbel and C. P. Byrman and J. H. van Lenthe},
      journal={J. Chem. Phys.},
      volume={101},
      year={1994},
      pages={5969-5979}}
@inbook{bovb2,
      booktitle={Valence Bond Theory},
      author={P. C. Hiberty and S. Shaik},
      editor={D. L. Cooper},
      publisher={Elsevier},
      address={Amsterdam},
      year={2002},
      pages={187-226},
      title={Breathing-Orbital Valence Bond -- A Valence Bond Method Incorporating
             Static and Dynamic Electron Correlation Effects}}
@article{bovb3,
      author={P. C. Hiberty and S. Shaik},
      journal={Theor. Chem. Acc.},
      volume={108},
      year={2002},
      pages={255-272}}
@phdthesis{fokkeproef,
      title={Valence Bond Theory: Implementation And Use Of Analytical Gradients},
      author={F. Dijkstra},
      year={2000},
      school={Utrecht University}}
@article{hoffmann,
      journal={Acc. Chem. Res.},
      volume={36},
      author={R. Hoffman and S. Shaik and P. C. Hiberty},
      year={2003},
      pages={750-756}}
@article{faraday,
      author={M. Faraday},
      journal={Phil. Trans. Roy. London},
      year={1825},
      pages={440}}
@article{kekule,
      author={A. Kekul{\'{e}}},
      journal={Liebigs Ann.},
      year={1866},
      volume={137},
      pages={162}}
@article{budzelaar,
      author={P. H. M. Budzelaar and J. J. Engelberts and J. H. van Lenthe},
      journal={Organometallics},
      year={2003},
      volume={22},
      pages={1562-1576}}
@article{born,
      author={M. Born and J. R. Oppenheimer},
      journal={Ann. Physik},
      year={1927},
      volume={84},
      pages={457-484}}
@article{slater,
      author={J. C. Slater},
      journal={Phys. Rev.},
      year={1930},
      volume={35},
      pages={210-211}}
@article{fock,
      author={V. Fock},
      journal={Z. Phys},
      year={1930},
      volume={61},
      pages={126-148}}
@article{hartree1,
      author={D. R. Hartree},
      title={The wave mechanics of an atom with a non-Coulomb central field, part I},
      journal={Proc. Cam. Phil. Soc.},
      volume={24},
      year={1928},
      pages={89-110}}
@article{hartree2,
      author={D. R. Hartree},
      title={The wave mechanics of an atom with a non-Coulomb central field, part II},
      journal={Proc. Cam. Phil. Soc.},
      volume={24},
      year={1928},
      pages={111-132}}
@article{hartree3,
      author={D. R. Hartree},
      title={The wave mechanics of an atom with a non-Coulomb central field, part III},
      journal={Proc. Cam. Phil. Soc.},
      volume={24},
      year={1928},
      pages={426-437}}
@article{lowdin,
      author={P. O. L\"{o}wdin},
      journal={Phys. Rev.},
      volume={97},
      year={1955},
      pages={1474-1489}}
@article{scrules1,
      author={J. C. Slater},
      journal={Phys. Rev.},
      volume={34},
      year={1929},
      pages={1293-1322}}
@article{scrules2,
      author={E. U. Condon},
      journal={Phys. Rev.},
      volume={36},
      year={1930},
      pages={1121-1133}}
@article{huckel1,
      author={E. H\"{u}ckel},
      journal={Z. Phys},
      year={1930},
      volume={60},
      pages={423-456}}
@article{huckel2,
      author={E. H\"{u}ckel},
      journal={Z. Phys},
      year={1931},
      volume={70},
      pages={204-286}}
@article{huckel3,
      author={E. H\"{u}ckel},
      journal={Z. Phys},
      year={1931},
      volume={72},
      pages={310-337}}
@article{huckel4,
      author={E. H\"{u}ckel},
      journal={Z. Phys},
      year={1932},
      volume={76},
      pages={628-648}}
@article{hohenberg,
      author={P. Hohenberg and W. Kohn},
      journal={Phys. Rev.},
      volume={136},
      year={1964},
      pages={864-871}}
@article{kohnsham,
      author={W. Kohn and L. J. Sham},
      journal={Phys. Rev.},
      volume={140},
      year={1965},
      pages={1133-1138}}
@article{b3,
      author={A. D. Becke},
      journal={J. Chem. Phys.},
      volume={98},
      year={1993},
      pages={1372-1377}}
@article{lyp,
      author={C. Lee and W. Yang and R. G. Parr},
      journal={Phys. Rev. B},
      volume={37},
      year={1988},
      pages={785-789}}
@article{vanvleck,
      author={J. H. {Van Vleck} and A. Sherman},
      journal={Rev. Mod. Phys.},
      volume={7},
      year={1935},
      pages={167-228}}
@inbook{wahldasbook,
      booktitle={Methods of Electronic Structure Theory},
      author={A. C. Wahl and G. Das},
      editor={H. F. {Schaefer III}},
      volume={3},
      publisher={Plenum Press},
      address={New York},
      year={1977},
      chapter={3},
      pages={51-78},
      title={The Multiconfiguration Self-Consistent Field Method}}
@article{daswahl,
      author={G. Das and A. C. Wahl},
      journal={J. Chem. Phys.},
      volume={56},
      year={1972},
      pages={1769-1775}}
@article{roos1,
      author={B. O. Roos and P. R. Taylor and P. E. M. Siegbahn},
      journal={Chem. Phys.},
      volume={48},
      year={1980},
      pages={157-173}}
@article{roos2,
      author={P. E. M. Siegbahn and J. Alml\"{o}f and A. Heiberg and B. O. Roos},
      journal={J. Chem. Phys.},
      volume={74},
      year={1981},
      pages={2384-2396}}
@article{pcm1,
      author={S. Miertus and E. Scrocco and J. Tomasi},
      journal={Chem. Phys.},
      year={1981},
      volume={55},
      pages={117-129}}
@article{pcm2,
      author={S. Miertus and J. Tomasi},
      journal={Chem. Phys.},
      year={1982},
      volume={65},
      pages={239-245}}
@article{carsten,
      author={C. P. Byrman and J. H. van Lenthe},
      journal={Int. J. Quant. Chem.},
      year={1996},
      volume={58},
      pages={351-360}}
@article{hllewis,
      author={L. Pauling}, 
      journal={Proc. Natl. Acad. Sci. U.S.A.},
      year={1928},
      volume={14},
      pages={359-362}}
@article{vbci175_1,
      author={J. M. Norbeck and G. A. Gallup},
      journal={J. Am. Chem. Soc.},
      year={1974},
      volume={96},
      pages={3386-3393}}
@article{vbci175_2,
      author={G. F. Tantardini and M. Raimondi and M. Simonetta},
      journal={J. Am. Chem. Soc.},
      year={1977},
      volume={99},
      pages={2913-2918}}
@article{craig,
      author={P. D. Craig},
      journal={Proc. Roy. Soc. Ser. A},
      year={1950},
      volume={200},
      pages={401-409}}
@article{london,
      author={F. London},
      journal={J. Phys. Radium},
      year={1937},
      volume={8},
      pages={397-409}}
@article{o2_1,
      author={J. E. Lennard-Jones},
      journal={Trans. Faraday Soc.},
      volume={25},
      pages={668-686},
      year={1929}}
@article{o2_2,
      author={W. Heitler and G. P\"{o}schl},
      journal={Nature},
      volume={133},
      pages={833-834},
      year={1934}}
@article{o2_3,
      author={G. W. Wheland},
      journal={Trans. Faraday Soc.},
      volume={33},
      pages={1499-1502},
      year={1937}}
@book{o2_4,
      author={C. A. Coulson},
      edition={2nd},
      title={Valence},
      publisher={Oxford University Press},
      address={Oxford},
      year={1961}}
@book{o2_5,
      author={J. Gerratt},
      booktitle={Theoretical Chemistry},
      title={A Specialist Report},
      publisher={The Chemical Society},
      address={London},
      year={1974},
      volume={1},
      pages={60}}
@article{o2_6,
      author={B. J. Moss and F. W. Bobrowicz and W. A. {Goddard III}},
      journal={J. Chem. Phys.},
      volume={63},
      pages={4632-4640},
      year={1975}}
@article{o2_7,
      author={R. McWeeny},
      journal={J. Mol. Struct. (Theochem)},
      volume={229},
      pages={29-38},
      year={1991}}
@article{o2_8,
      author={R. McWeeny},
      journal={Int. J. Quantum Chem. Symp.},
      volume={24},
      pages={733-752},
      year={1990}}
@article{o2_9,
      author={R. D. Harcourt},
      journal={J. Phys. Chem.},
      volume={96},
      pages={7616-7619},
      year={1992}}
@article{molden,
      author={G. Schaftenaar and J. H. Noordik},
      journal={J. Comput.-Aided Mol. Design},
      volume={14},
      year={2000},
      pages={123-134}}
@article{vbci_wu1,
      author={W. Wu and L. Song and Z. Cao and Q. Zhang and S. Shaik},
      journal={J. Phys. Chem. A},
      year={2002},
      volume={106},
      pages={2721-2726}}
@article{vbci_wu2,
      author={L. Song and W. Wu and Q. Zhang and Sason Shaik},
      journal={J. Comput. Chem.},
      year={2004},
      volume={25},
      pages={472-478}}
@article{superci1,
      author={F. Grein and T. C. Chang},
      journal={Chem. Phys. Lett.},
      year={1971},
      volume={12},
      pages={44-48}}
@article{superci2,
      author={A. Banerjee and F. Grein},
      journal={Int. J. Quantum Chem.},
      year={1976},
      volume={10},
      pages={123-134}}
@article{brillouin,
      author={B. Levy and G. Berthier},
      journal={Int. J. Quantum Chem.},
      year={1968},
      volume={2},
      pages={307-319}}
@article{thor1,
      author={T. Thorsteinsson and D. L. Cooper and J. Gerratt and P. B. Karadakov and M. Raimondi},
      journal={Theor. Chim. Acta},
      volume={93},
      year={1996},
      pages={343-366}}
@article{thor2,
      author={T. Thorsteinsson and D. L. Cooper},
      journal={Theor. Chim. Acta},
      volume={94},
      year={1996},
      pages={233-245}}
@article{thor3,
      author={T. Thorsteinsson and D. L. Cooper and J. Gerratt and M. Raimondi},
      journal={Theor. Chim. Acta},
      volume={95},
      year={1997},
      pages={131-150}}
@article{thor4,
      author={T. Thorsteinsson and D. L. Cooper and J. Gerratt and M. Raimondi},
      journal={Mol. Eng.},
      volume={7},
      year={1997},
      pages={67-85}}
@inbook{arnold,
      booktitle={Kinetics and spectroscopy of carbenes and biradicals},
      author={B. R. Arnold and J. Michl},
      publisher={Plenum Press},
      address={New York},
      year={1990},
      pages={1-35},
      title={Spectroscopy of cyclobutadiene}}
@article{gamess,
      author={M. F. Guest and I. J. Bush and H. J. J. van Dam and P. Sherwood and J. M. H. Thomas and J. H. van Lenthe and R. W. A. Havenith and J. Kendrick},
      title={The GAMESS-UK electronic structure package: Algorithms, developments and applications},
      journal={Mol. Phys.},
      volume={103},
      pages={719-747},
      year={2005}}
@remark{turtle,
      note={Verbeek, J.; Langenberg, J. H.; Byrman, C. P.; Dijkstra, F.; Havenith, R. W. A.; Engelberts, J. J.; Zielinski, M. L.; Rashid, Z.; van Lenthe, J. H. \textit{TURTLE, an ab initio VB/VBSCF program} 1988--2013.}}
@book{atkins,
      author={P. Atkins and J. {De Paula}},
      title={Physical Chemistry},
      edition={9th},
      year={2010},
      publisher={W. H. Freeman and Company},
      address={New York}}
@book{march,
      author={M. B. Smith and J. March},
      title={March's Advanced Organic Chemistry},
      edition={6th},
      year={2007},
      publisher={John Wiley \& Sons, Inc.},
      address={Hoboken, New Jersey}}
@book{bruice,
      author={P. Y. Bruice},
      title={Organic Chemistry},
      edition={7th},
      year={2014},
      publisher={Pearson Education, Inc.},
      address={Boston}}
@book{jensen,
      author={F. Jensen},
      title={Introduction to Computational Chemistry},
      edition={2nd},
      year={2007},
      publisher={John Wiley \& Sons, Inc.},
      address={Chichester}}
@article{bicarburet,
      author={R. Kaiser},
      journal={Angew. Chem. Int. Ed.},
      volume={7},
      pages={345-350},
      year={1968}}
@article{inorganic,
      author={J. J. Engelberts and R. W. A. Havenith and J. H. {van Lenthe} and L. W. Jenneskens and P. W. Fowler},
      journal={Inorg. Chem.},
      year={2005},
      volume={44},
      pages={5266-5272}}
@article{huckel,
      author={A. Soncini and C. Domene and J. J. Engelberts and P. W. Fowler and A. Rassat and J. H. {van Lenthe} and R. W. A. Havenith and L. W. Jenneskens},
      journal={Chem. Eur. J.},
      year={2005},
      volume={11},
      pages={1257-1266}}
@article{indacene,
      author={R. W. A. Havenith and J. J. Engelberts and P. W. Fowler and E. Steiner and J. H. van Lenthe and P. Lazzeretti},
      journal={Phys. Chem. Chem. Phys.},
      volume={6},
      year={2004},
      pages={289-294}}
@article{shavitt2,
      author={I. Shavitt},
      journal={Mol. Phys.},
      year={1998},
      volume={94},
      pages={3-17}}
@book{weyl,
      author={H. Weyl},
      title={The Theory of Groups and Quantum Mechanics},
      publisher={Dover Publications, Inc.},
      address={New York},
      edition={1st},
      year={1950}}
@book{szabo,
      author={A. Szabo and N. S. Ostlund},
      title={Modern Quantum Chemistry: Introduction to Advanced Electronic Structure Theory},
      year={1989},
      edition={1st},
      address={Mineola, New York},
      publisher={Dover Publications, Inc.}}
@article{varia,
      author={W. J. Ritz},
      journal={Reine Angew. Math.},
      year={1909},
      volume={135},
      pages={1-61}}
@article{fors1,
      author={K. Ruedenberg and M. W. Schmidt and M. M. Gilbert and S. Elbert},
      journal={Chem. Phys.},
      year={1982},
      volume={71},
      pages={41-49}}
@article{fors2,
      author={K. Ruedenberg and M. W. Schmidt and M. M. Gilbert},
      journal={Chem. Phys.},
      year={1982},
      volume={71},
      pages={51-64}}
@article{fors3,
      author={K. Ruedenberg and M. W. Schmidt and M. M. Gilbert and S. Elbert},
      journal={Chem. Phys.},
      year={1982},
      volume={71},
      pages={65--78}}
@article{cc1,
      author={F. Coester and H. K\"{u}mmel},
      journal={Nucl. Phys.},
      year={1960},
      volume={17},
      pages={477-485}}
@article{cc2,
      author={J. \v{C}\'{i}\v{z}ek},
      journal={J. Chem. Phys.},
      year={1966},
      volume={45},
      pages={4256-4266}}
@remark{xiamen,
      note={Song, L.; Chen, Z.; Ying, F.; Song, J.; Chen, X.; Su, P.; Mo, Y.; Zhang, Q.; Wu, W. \textit{Xiamen Valence Bond, an ab initio Non-Orthogonal Valence Bond Program}, version 2.0, manual of June 2012.}}
@article{schleyer,
      author = {P. {von Ragu\'{e} Schleyer} and C. Maerker and A. Dransfeld and H. Jiao and N. {Eikema Hommes}},
      journal = {J. Am. Chem. Soc.},
      volume = {118},
      number = {26},
      pages = {6317-6318},
      year = {1996},
      doi = {10.1021/ja960582d}}
@article{aromaticity,
      author={P. {von Ragu\'{e} Schleyer} and H. Jiao},
      journal={Pure \& Appl. Chem.},
      volume={68},
      year={1996},
      pages={209-218}}
@article{ctocd1,
      author={T. A. Keith and R. F. W. Bader},
      journal={Chem. Phys. Lett.},
      year={1993},
      volume={210},
      pages={223-231}}
@article{ctocd2,
      author={T. A. Keith and R. F. W. Bader},
      journal={J. Chem. Phys.},
      year={1993},
      volume={99},
      pages={3669-3682}}
@article{ctocd3,
      author={S. Coriani and P. Lazzeretti and M. Malagoli and R. Zanasi},
      journal={Theor. Chim. Acta},
      year={1994},
      volume={89},
      pages={181-192}}
@article{ctocd4,
      author={R. Zanasi},
      journal={J. Chem. Phys.},
      year={1996},
      volume={105},
      pages={1460-1469}}
@article{ipso1,
      author={E. Steiner and P. W. Fowler},
      journal={J. Phys. Chem. A},
      year = {2001},
      volume={105},
      pages ={9553-9562}}
@article{ipso2,
      author={E. Steiner and P. W. Fowler},
      journal={Chem. Commun.},
      year={2001},
      volume={21},
      pages={2220-2221}}

@remark{sysmo,
      note={P. Lazzeretti and R. Zanasi, SYSMO package, University of
            Modena, 1980. Additional routines, E. Steiner, P.W. Fowler,
            R.W.A. Havenith.}}
