@book{r01,
  author={P. J. Garratt},
  title={Aromaticity},
  publisher={McGraw-Hill},
  address={London},
  year={1971}}
@article{r02,
  author={T. M. Krygowski and M. K. Cyra{\~{n}}ski and Z. Czarnocki and G. H\"afelinger and A. R. Katritzky},
  journal={Tetrahedron},
  year={2000},
  volume={56},
  pages={1783-1796}}
@article{r03,
  author={D. Lloyd},
  journal={J. Chem. Inf. Comput. Sci.},
  year={1996},
  volume={36},
  pages={442-447}}
@article{r04,
  author={P. {von R. Schleyer} and H. Jiao},
  journal={Pure Appl. Chem.},
  year={1996},
  volume={68},
  pages={209-218}}
@article{r05,
  author={R. W. A. Havenith and F. Lugli and P. W. Fowler and E. Steiner},
  journal={J. Phys. Chem. A},
  year={2002},
  volume={106},
  pages={5703-5708}}
@article{r06,
  author={K. Hafner and K. H. H\"afner and C. K\"onig and M. Kreuder and G. Ploss and G. Schulz and E. Sturm and K. H. V\"opel},
  journal={Angew. Chem., Int. Ed. Engl.},
  year={1963},
  volume={2},
  pages={123-134}}
@article{r07,
  author={J. D. Dunitz and C. Kr\"uger and H. Irngartinger and E. F. Maverick and Y. Wang and M. Nixdorf},
  journal={Angew. Chem., Int. Ed. Engl.},
  year={1988},
  volume={27},
  pages={387-389}}
@article{r08,
  author={E. Heilbronner and Z. Yang},
  journal={Angew. Chem., Int. Ed. Engl.},
  year={1987},
  volume={26},
  pages={360-362}}
@article{r09,
  author={C. Gellini and G. Cardini and P. R. Salvi and G. Marconi and K. Hafner},
  journal={J. Phys. Chem.},
  year={1993},
  volume={97},
  pages={1286-1293}}
@article{r10,
  author={R. H. Hertwig and M. C. Holthausen and W. Koch and Z. B. Maksi\'c},
  journal={Angew. Chem., Int. Ed. Engl.},
  year={1994},
  volume={33},
  pages={1192-1194}}
@article{r11,
  author={R. D. Brown},
  journal={J. Chem. Soc.},
  year={1951},
  pages={2391-2394}}
@article{r12,
  author={C. Gellini and L. Angeloni and P. R. Salvi and G. Marconi},
  journal={J. Phys. Chem.},
  year={1995},
  volume={99},
  pages={85-93}}
@article{r13,
  author={M. Nendel and B. Goldfuss and K. N. Houk and K. Hafner},
  journal={J. Mol. Struct. (THEOCHEM)},
  year={1999},
  volume={461-462},
  pages={23-28}}
@article{r14,
  author={R. Soriano Jart\'in and A. Ligabue and A. Soncini and P. Lazzeretti},
  journal={J. Phys. Chem. A},
  year={2002},
  volume={106},
  pages={11806-11814}}
@article{r15,
  author={P. {von R. Schleyer} and C. Maerker and A. Dransfeld and H. Jiao and N. J. R. {van Eikema Hommes}},
  journal={J. Am. Chem. Soc.},
  year={1996},
  volume={118},
  pages={6317-6318}}
@article{r16,
  author={E. Heilbronner and S. Shaik},
  journal={Helv. Chim. Acta},
  year={1992},
  volume={75},
  pages={539-556}}
@article{r17,
  author={P. W. Fowler and A. Rassat},
  journal={Phys. Chem. Chem. Phys.},
  year={2002},
  volume={4},
  pages={1105-1113}}
@article{r18,
  author={E. Steiner and P. W. Fowler},
  journal={Int. J. Quantum Chem.},
  year={1996},
  volume={60},
  pages={609-616}}
@article{r19,
  author={P. {von R. Schleyer} and M. Manoharan and H. Jiao and F. Stahl},
  journal={Org. Lett.},
  year={2001},
  volume={3},
  pages={3643-3646}}
@article{r20,
   author={M. F. Guest and I. J. Bush and H. J. J. van Dam and P. Sherwood and J. M. H. Thomas and J. H. van Lenthe and R. W. A. Havenith and J. Kendrick},
   title={The GAMESS-UK electronic structure package: Algorithms, developments and applications},
   journal={Mol. Phys.},
   volume={103},
   pages={719-747},
   year={2005}}
@article{r21,
  author={T. A. Keith and R. F. W. Bader},
  journal={Chem. Phys. Lett.},
  year={1993},
  volume={210},
  pages={223-231}}
@article{r22,
  author={T. A. Keith and R. F. W. Bader},
  journal={J. Chem. Phys.},
  year={1993},
  volume={99},
  pages={3669-3682}}
@article{r23,
  author={S. Coriani and P. Lazzeretti and M. Malagoli and R. Zanasi},
  journal={Theor. Chim. Acta},
  year={1994},
  volume={89},
  pages={181-192}}
@article{r24,
  author={R. Zanasi},
  journal={J. Chem. Phys.},
  year={1996},
  volume={105},
  pages={1460-1469}}
@remark{r25,
  note={P. Lazzeretti and R. Zanasi, SYSMO package, University of
        Modena, 1980. Additional routines, E. Steiner, P.W. Fowler,
        R.W.A. Havenith.}}
@article{r26,
  author={F. London},
  journal={J. Phys. Radium},
  year={1937},
  volume={8},
  pages={397-409}}
@article{r27,
  author={A. Pasquarello and M. Schl\"uter and R. C. Haddon},
  journal={Phys. Rev. A},
  year={1993},
  volume={47},
  pages={1783-1789}}
@book{r28,
  author={A. {Streitwieser Jr.}},
  title={Molecular Orbital Theory for Organic Chemists},
  publisher={John Wiley \& Sons Inc.},
  address={New York},
  year={1962}}
@article{r29,
  author={G. Binsch and E. Heilbronner and J. N. Murrell},
  journal={Mol. Phys.},
  year={1966},
  volume={11},
  pages={305-320}}
@article{r30,
  author={E. Heilbronner},
  journal={J. Chem. Educ.},
  year={1989},
  volume={66},
  pages={471-478}}
@remark{r31,
      note={Verbeek, J.; Langenberg, J. H.; Byrman, C. P.; Dijkstra, F.; Engelberts, J. J.; van Lenthe, J. H. \textit{TURTLE, an ab initio VB/VBSCF program} 1988--2005.}}
@article{r32,
  author={L. Pauling and G. W. Wheland},
  journal={J. Chem. Phys.},
  year={1933},
  volume={1},
  pages={362-374}}
@book{r33,
  author={L. Pauling},
  title={The Nature of the Chemical Bond and the Structure of Molecules and Crystals: An Introduction to Modern Structural Chemistry},
  publisher={Cornell University Press},
  address={Ithaca, New York},
  year={1960}}
@article{r34,
  author={T. Bally and S. Chai and M. Neuenschwander and Z. Zhu},
  journal={J. Am. Chem. Soc.},
  year={1997},
  volume={119},
  pages={1869-1875}}
@article{r35,
  author={E. Steiner and P. W. Fowler},
  journal={J. Phys. Chem. A},
  year={2001},
  volume={105},
  pages={9553-9562}}
@article{r36,
  author={E. Steiner and P. W. Fowler},
  journal={Chem. Commun.},
  year={2001},
  pages={2220-2221}}
@article{r37,
  author={B. H. Chirgwin and C. A. Coulson},
  journal={Proc. R. Soc. London, Ser. A},
  year={1950},
  volume={201},
  pages={196-209}}
