@article{arom1,
  author={M. K. Cyra{\~{n}}ski and T. M. Krygowski and A. R. Katritzky and P. {von R. Schleyer}},
  journal={J. Org. Chem.},
  year={2002},
  volume={67},
  pages={1333-1338}}
@article{arom2,
  author={M. K. Cyra{\~{n}}ski and P. {von R.~Schleyer} and T. M. Krygowski and H. Jiao and G. Hohlneicher},
  journal={Tetrahedron},
  year={2003},
  volume={59},
  pages={1657-1665}}
@article{ring4,
  author={P. {von R.~Schleyer} and H. Jiao},
  journal={Pure Appl. Chem.},
  year={1996},
  volume={68},
  pages={209-218}}
@article{ring1,
  author={L. Pauling},
  journal={J. Chem. Phys.},
  year={1936},
  volume={4},
  pages={673-677}}
@article{ring2,
  author={F. London},
  journal={J. Phys. Radium},
  year={1937},
  volume={8},
  pages={397-409}}
@article{ring3,
  author={J. A. Pople},
  journal={J. Chem. Phys.},
  year={1956},
  volume={24},
  pages={1111}}
@article{nics,
  author={P. {von R. Schleyer} and C. Maerker and A. Dransfeld and H. Jiao and N. J. R. {van Eikema Hommes}},
  journal={J. Am. Chem. Soc.},
  year={1996},
  volume={118},
  pages={6317-6318}}
@article{fink,
  author={W. H. Fink and J. C. Richards},
  journal={J. Am. Chem. Soc.},
  year={1991},
  volume={113},
  pages={3393-3398}}
@article{jemmis,
  author={E. D. Jemmis and B. Kiran},
  journal={Inorg. Chem.},
  year={1998},
  volume={37},
  pages={2110-2116}}
@article{cooper,
  author={D. L. Cooper and S. C. Wright and J. Gerratt and P. A. Hyams and M. Raimondi},
  journal={J. Chem. Soc. Perkin Trans. II},
  year={1989},
  volume={6},
  pages={719-724}}
@article{fowler1,
  author={P. W. Fowler and E. Steiner},
  journal={J. Phys. Chem. A},
  year={1997},
  volume={101},
  pages={1409-1413}}
@article{schleyer1,
  author={P. {von R. Schleyer} and H. Jiao and N. J. R. {van Eikema Hommes} and V. G. Malkin and O. L. Malkina},
  journal={J. Am. Chem. Soc.},
  year={1997},
  volume={119},
  pages={12669-12670}}
@article{soncini1,
  author={A. Soncini and C. Domene and J. J. Engelberts and P. W. Fowler and A. Rassat and J. H. {van Lenthe} and R. W. A. Havenith and L. W. Jenneskens},
  journal={Chem. Eur. J.},
  year={2005},
  volume={11},
  pages={1257-1266}}
@article{heitler,
  author={W. Heitler and F. London},
  journal={Z. Physik},
  year={1927},
  volume={44},
  pages={455-472}}
@article{lewis,
  author={G. N. Lewis},
  journal={J. Am. Chem. Soc.},
  year={1916},
  volume={38},
  pages={762-785}}
@article{chirgwin,
  author={B. H. Chirgwin and C. A. Coulson},
  journal={Proc. Royal Soc. London A},
  year={1950},
  volume={201},
  pages={196-209}}
@article{pauling,
  author={L. Pauling and G. W. Wheland},
  journal={J. Chem. Phys.},
  year={1933},
  volume={1},
  pages={362-374}}
@article{benzbovb,
  author={J. H. {van Lenthe} and R. W. A. Havenith and F. Dijkstra and L. W. Jenneskens},
  journal={Chem. Phys. Lett.},
  year={2002},
  volume={361},
  pages={203-208}}
@article{nature,
  author={D. L. Cooper and J. Gerratt and M. Raimondi},
  journal={Nature},
  year={1986},
  volume={323},
  pages={699-701}}
@article{fokke,
  author={F. Dijkstra and J. H. {van Lenthe} and R. W. A. Havenith and L. W. Jenneskens},
  journal={Int. J. of Quantum Chem.},
  year={2003},
  volume={91},
  pages={566-574}}
@article{ctocd-dz2,
  author={T. A. Keith and R. F. W. Bader},
  journal={J. Chem. Phys.},
  year={1993},
  volume={99},
  pages={3669-3682}}
@article{ctocd-dz3,
  author={P. Lazzeretti and M. Malagoli and R. Zanasi},
  journal={Chem. Phys. Lett.},
  year={1994},
  volume={220},
  pages={299-304}}
@article{big,
  author={E. Steiner and P. W. Fowler},
  journal={J. Phys. Chem. A},
  year={2001},
  volume={105},
  pages={9553-9562}}
@article{small,
  author={E. Steiner and P. W. Fowler},
  journal={Chem. Commun.},
  year={2001},
  pages={2220-2221}}
@article{ctocd-dz4,
  author={R. Zanasi},
  journal={J. Chem. Phys.},
  year={1996},
  volume={105},
  pages={1460-1469}}
@article{ctocd-dz1,
  author={T. A. Keith and R. F. W Bader},
  journal={Chem. Phys. Lett.},
  year={1993},
  volume={210},
  pages={223-231}}
@article{lazzeretti,
  author={P. Lazzeretti and J. A. Tossell},
  journal={J. Mol. Struc. (THEOCHEM)},
  year={1991},
  volume={236},
  pages={403-410}}
@article{b3lyp1,
  author={C. Lee and W. Yang and R. G. Parr},
  journal={Phys. Rev. B},
  year={1988},
  volume={37},
  pages={785-789}}
@article{b3lyp2,
  author={A. D. Becke},
  journal={J. Chem. Phys.},
  year={1993},
  volume={98},
  pages={1372-1377}}
@article{b3lyp3,
  author={A. D. Becke},
  journal={J. Chem. Phys.},
  year={1993},
  volume={98},
  pages={5648-5652}}
@article{bs6_light,
  author={J. S. Binkley and J. A. Pople and W. J. Hehre},
  journal={J. Am. Chem. Soc.},
  year={1980},
  volume={102},
  pages={939-947}}
@article{bs311ss,
  author={R. Krishnan and J. S. Binkley and R. Seeger and J. A. Pople},
  journal={J. Chem. Phys.},
  year={1980},
  volume={72},
  pages={650-654}}
@article{bspp,
  author={T. Clark and J. Chandrasekhar and P. {von R. Schleyer}},
  journal={J. Comp. Chem.},
  year={1983},
  volume={4},
  pages={294-301}}
@article{bs6_heavy,
  author={M. S. Gordon and J. S. Binkley and J. A. Pople and W. J. Pietro and W. J. Hehre},
  journal={J. Am. Chem. Soc.},
  year={1982},
  volume={104},
  pages={2797-2803}}
@article{geo1,
  author={N. Matsunaga and M. S. Gordon},
  journal={J. Am. Chem. Soc.},
  year={1994},
  volume={116},
  pages={11407-11419}}
@article{geo2,
  author={R. J. Doerksen and A. J. Thakkar},
  journal={J. Phys. Chem. A},
  year={1998},
  volume={102},
  pages={4679-4686}}
@article{geo3,
  author={S. Nagase and K. Ito},
  journal={Chem. Phys. Lett.},
  year={1986},
  volume={126},
  pages={43-47}}
@article{geo4,
  author={M. Tobita and R. J. Bartlett},
  journal={J. Phys. Chem. A},
  year={2001},
  volume={105},
  pages={4107-4113}}
@article{geo5,
  author={S. Nagase and H. Teramae and T. Kudo},
  journal={J. Chem. Phys.},
  year={1987},
  volume={86},
  pages={4513-4517}}
@article{baldridge,
  author={K. K. Baldridge and O. Uzan and J. M. L. Martin},
  journal={Organometallics},
  year={2000},
  volume={19},
  pages={1477-1487}}
@article{bs31light_a,
  author={W. J. Hehre and R. Ditchfield and J. A. Pople},
  journal={J. Chem. Phys.},
  year={1972},
  volume={56},
  pages={2257-2261}}
@article{bs31light_b,
  author={J. D. Dill and J. A. Pople},
  journal={J. Chem. Phys.},
  year={1975},
  volume={62},
  pages={2921-2923}}
@article{bs31heavyss,
  author={M. M. Francl and W. J. Pietro and W. J. Hehre and J. S. Binkley and M. S. Gordon and D. J. DeFrees and J. A. Pople},
  journal={J. Chem. Phys.},
  year={1982},
  volume={77},
  pages={3654-3665}}
@article{vbscf1,
  author={J. H. {van Lenthe} and G. G. Balint-Kurti},
  journal={Chem. Phys. Lett},
  year={1980},
  volume={76},
  pages={138-142}}
@article{vbscf2,
  author={J. H. {van Lenthe} and G. G. Balint-Kurti},
  journal={J. Chem. Phys},
  year={1983},
  volume={78},
  pages={5699-5713}}
@article{lowdin,
  author={P. O. L\"owdin},
  journal={Rev. Mod. Phys.},
  year={1967},
  volume={39},
  pages={259-287}}
@article{remcolowdin,
  author={R. W. A. Havenith and J. H. {van Lenthe} and F. Dijkstra and L. W. Jenneskens},
  journal={J. Phys. Chem. A},
  year={2001},
  volume={105},
  pages={3838-3845}}
@article{scvb1,
  author={J. Gerratt and M. Raimondi},
  journal={Proc. R. Soc. Lond. A},
  year={1980},
  volume={371},
  pages={525-552}}
@article{scvb2,
  author={D. L. Cooper and J. Gerratt and M. Raimondi},
  journal={Adv. Chem. Phys.},
  year={1987},
  volume={69},
  pages={319-397}}
@article{pipek,
  author={J. Pipek and P. G. Mezey},
  journal={J. Chem. Phys.},
  year={1989},
  volume={90},
  pages={4916-4926}}
@article{fowler2,
  author={E. Steiner and P. W. Fowler and R. W. A. Havenith},
  journal={J. Phys. Chem. A},
  year={2002},
  volume={106},
  pages={7048-7056}}
@article{ctocd-pz,
  author={R. Zanasi and P. Lazzeretti and M. Malagoli and F. Piccinini},
  journal={J. Chem. Phys.},
  year={1995},
  volume={102},
  pages={7150-7157}}
@article{soncini2,
  author={A. Soncini and P. W. Fowler},
  journal={Chem. Phys. Lett.},
  year={2004},
  volume={396},
  pages={174-181}}
@article{sadlej,
  author={A. J. Sadlej},
  journal={Theor. Chim. Acta},
  year={1991},
  volume={79},
  pages={123-140}}
@remark{footnote,
  note={A CTOCD-\textit{PZ2} calculation with the larger Sadlej \cite{sadlej} basis set resulted
        in $-\sigma_{ip}=-4.6$, $-\sigma_{zz}=-20.5$, and $-\sigma_{av} = -9.9$. Note that only for
        P$_6$ (\textbf{4}) besides the basis set dependency also a method dependency is found.}}
@article{steiner2,
  author={E. Steiner and P. W. Fowler and L. W. Jenneskens},
  journal={Angew. Chem. Int. Ed.},
  year={2001},
  volume={40},
  pages={362-366}}
@article{corminboeuf,
  author={C. Corminboeuf and T. Heine and G. Seifert and P. {von R. Schleyer} and J. Weber},
  journal={Phys. Chem. Chem. Phys.},
  year={2004},
  volume={6},
  pages={273-276}}
@article{viglione,
  author={R. G. Viglione and R. Zanasi and P. Lazzeretti},
  journal={Org. Lett.},
  year={2004},
  volume={6},
  pages={2265-2267}}
@article{steiner1,
  author={E. Steiner and P. W. Fowler},
  journal={Phys. Chem. Chem. Phys.},
  year={2004},
  volume={6},
  pages={261-272}}
@article{herges,
  author={R. Herges and D. Geuenich},
  journal={J. Phys. Chem. A},
  year={2001},
  volume={105},
  pages={3124-3220}}
@article{paolo,
  author={P. Lazzeretti},
  journal={Phys. Chem. Chem. Phys.},
  year={2004},
  volume={6},
  pages={217-223}}
@article{elecpauling,
  author={L. Pauling},
  journal={J. Am. Chem. Soc.},
  year={1932},
  volume={54},
  pages={3570-3582}}
@article{gamess,
   author={M. F. Guest and I. J. Bush and H. J. J. van Dam and P. Sherwood and J. M. H. Thomas and J. H. van Lenthe and R. W. A. Havenith and J. Kendrick},
   title={The GAMESS-UK electronic structure package: Algorithms, developments and applications},
   journal={Mol. Phys.},
   volume={103},
   pages={719-747},
   year={2005}}
@remark{turtle,
      note={Verbeek, J.; Langenberg, J. H.; Byrman, C. P.; Dijkstra, F.; Engelberts, J. J.; van Lenthe, J. H. \textit{TURTLE, an ab initio VB/VBSCF program} 1988--2005.}}
@remark{sysmo,
  note={P. Lazzeretti and R. Zanasi, SYSMO package, University of
        Modena, 1980. Additional routines, E. Steiner, P.W. Fowler,
        R.W.A. Havenith.}}
