@article{r01,
   author={R. C. Haddon},
   journal={J. Am. Chem. Soc.},
   year={1979},
   volume={101},
   pages={1722-1728}}
@article{r02,
   author={P. W. Fowler and E. Steiner},
   journal={J. Phys. Chem. A},
   year={1997},
   volume={101},
   pages={1409-1413}}
@article{r03,
   author={E. Steiner and P. W. Fowler},
   journal={J. Phys. Chem. A},
   year={2001},
   volume={105},
   pages={9553-9562}}
@article{r04,   
   author={E. Steiner and P. W. Fowler},
   journal={Chem. Commun.},
   year={2001},
   pages={2220-2221}}
@article{r05, 
   author={E. Steiner and P. W. Fowler and R. W. A. Havenith},
   journal={J. Phys. Chem. A},
   year={2002},
   volume={106},
   pages={7048-7056}}
@article{r06,   
   author={F. London},
   journal={J. Phys. Radium},
   year={1937},
   volume={8},
   pages={397-409}}
@article{r07,
   author={L. Pauling},
   journal={J. Chem. Phys.},
   year={1936},
   volume={4},
   pages={673-677}}
@article{r08,
   author={J. A. Pople},
   journal={J. Chem. Phys.},
   year={1956},
   volume={24},
   pages={1111}}
@article{r09,   
   author={P. von R. Schleyer and C. Maerker and A. Dransfeld and H. Jiao and N. J. R. van {Eikema Hommes}},
   journal={J. Am. Chem. Soc.},
   year={1996},
   volume={118},
   pages={6317-6318}}
@inbook{r10,
   author={H. C. Longuet-Higgins},
   booktitle={Aromaticity, Special Publication No. 21},
   title={Paramagnetic Ring Currents in the [4n]-Annulenes},
   publisher={The Chemical Society},
   address={London},
   year={1967},
   pages={109-110}}
@article{r11,
   author={M. A. M. Forgeron and D. L. Bryce and R. E. Wasylishen and R. Rosler},
   journal={J. Phys. Chem. A},
   year={2003},
   volume={107},
   pages={726-735}}
@article{r11b,
   author={B. Kiran and A. K. Phukan and E. D. Jemmis},
   journal={Inorg. Chem.},
   year={2001},
   volume={40},
   pages={3615-3618}}
@article{r12,
   author={G. A. Anderson and J. J. Lagowski},
   journal={Inorg. Chem.},
   year={1975},
   volume={14},
   pages={1845-1848}}
@article{r13,
   author={A. J. Bridgeman},
   journal={Polyhedron},
   year={1998},
   volume={17},
   pages={2279-2288}}
@remark{r14,
   note={For references to the chemistry, and to discussions on the possible
              aromaticity of these molecules, see: a) Paetzold,~P
              \textit{Phosphorus, Sulfur Silicon Relat. Elem.} \textbf{1994,} 
              \textit{93,} 39-50 and b) von Steuber~E.; Elter,~G.; Noltemeyer,~M.;
              Schmidt,~H.~G.; Meller,~A. \textit{Organometallics}
              \textbf{2000,} \textit{19,} 5083--5091.}}
@article{r15,
   author={R. C. Haddon},
   journal={Pure Appl. Chem.},
   year={1982},
   volume={54},
   pages={1129-1142}}
@article{r16,
   author={N. C. Baird and M. A. Whitehead},
   journal={Can. J. Chem.},
   year={1967},
   volume={45},
   pages={2059-2070}}
@article{r17,
   author={T. A. Keith and R. F. W. Bader},
   journal={Chem. Phys. Lett.},
   year={1993},
   volume={210},
   pages={223-231}}
@article{r18,
   author={S. Coriani and P. Lazzeretti and M. Malagoli and R. Zanasi},
   journal={Theor. Chim. Acta},
   year={1994},
   volume={89},
   pages={181-192}}
@article{r19,
   author={A. Soncini and P. W. Fowler and L. W. Jenneskens},
   journal={Phys. Chem. Chem. Phys.},
   year={2004},
   volume={6},
   pages={277-284}}
@article{r20a,
   author={A. Matsuura and K. Komatsu},
   journal={J. Am. Chem. Soc.},
   year={2001},
   volume={123},
   pages={1768-1769}}
@article{r20b,
   author={P. W. Fowler and R. W. A. Havenith and L. W. Jenneskens and A. Soncini and E. Steiner},
   journal={Angew. Chem. Int. Ed.},
   year={2002},
   volume={41},
   pages={1558-1560}}
@book{r21,
   author={R. Daudel and R Lefebvre and C. Moser},
   booktitle={Quantum Chemistry, Methods and Applications},
   publisher={Wiley-Interscience},
   address={New York},
   year={1959},
   pages={449}}
@book{r22a,
   author={A. {Streitwieser Jr.}},
   booktitle={Molecular Orbital Theory for Organic Chemists},
   publisher={Wiley},
   address={New York},
   year={1961}}
@article{r22b,
   author={N. C. Baird and M. A. Whitehead},
   journal={Can. J. Chem.},
   year={1966},
   volume={44},
   pages={1933-1943}}
@article{r23,
   author={R. McWeeny},
   journal={Mol. Phys.},
   year={1958},
   volume={1},
   pages={311-321}}
@article{r24,
   author={P. W. Fowler and E. Steiner},
   journal={Chem. Phys. Lett.},
   year={2002},
   volume={364},
   pages={259-266}}
@article{r25a,
   author={H. S. Turner and R. J. Warne},
   journal={Proc. Chem. Soc. London},
   year={1962},
   pages={69-70}}
@article{r25b,
   author={R. M. Minyaev},
   journal={J. Struct. Chem.},
   year={2000},
   volume={41},
   pages={1-10}}
@article{r26,
   author={T. M. Gilbert and B. D. Gailbreath},
   journal={Organometallics},
   year={2001},
   volume={20},
   pages={4727-4733},
   note={and references therein}}
@article{r27a,
   author={E. F. Archibong and A. J. Thakkar},
   journal={Mol. Phys.},
   year={1994},
   volume={81},
   pages={557-567}}
@article{r27b,
   author={F. Ramondo and G. Portalone and M. Colapietro and L. Bencivenni},
   journal={J. Mol. Struct.},
   year={1993},
   volume={302},
   pages={85-99}}
@article{r27c,
   author={P. {von R. Schleyer} and H. Jiao and N. J. R. {van Eikema Hommes} and V. G. Malkin and O. L. Malkina},
   journal={J. Am. Chem. Soc.},
   year={1997},
   volume={119},
   pages={12669-12670}}
@article{r27d,
   author={E. Steiner and P. W. Fowler and R. W. A. Havenith},
   journal={J. Phys. Chem. A},
   year={2002},
   volume={106},
   pages={7048-7056}}
@article{r27e,
   author={E. D. Jemmis and B. Kiran},
   journal={Inorg. Chem.},
   year={1998},
   volume={37},
   pages={2110-2116}}
@article{r27f,
   author={S. Kawahara and S. Tsuzuki and T. Uchimaru},
   journal={J. Chem. Phys.},
   year={2003},
   volume={119},
   pages={10081-10087}}
@article{r28a,
   author={W. Harshbarger and G. H. Lee and R. F. Porter and S. H. Bauer},
   journal={J. Am. Chem. Soc.},
   year={1969},
   volume={91},
   pages={551-555}}
@article{r28b,
   author={W. Harshbarger and G. H. Lee and R. F. Porter and S. H. Bauer},
   journal={Inorg. Chem.},
   year={1969},
   volume={8},
   pages={1683-1689}}
@article{r28c,
   author={R. B\"ose and A. H. Maulitz and P. Stellberg},
   journal={Chem. Ber.},
   year={1994},
   volume={127},
   pages={1887-1889}}
@article{r29,
   author={T. Franz and E. Hanecker and H. N\"oth and W. St\"ocker and W. Storch and G. Winter},
   journal={Chem. Ber.},
   year={1986},
   volume={119},
   pages={900-916}}
@article{r30,
   author={B. Thiele and P. Schreyer and U. Englert and P. Paetzold and R. B\"ose and B. Wrackmeyer},
   journal={Chem. Ber.},
   year={1991},
   volume={124},
   pages={2209-2216}}
@article{r31,
   author={J. Pipek and P. G. Mezey},
   journal={J. Chem. Phys.},
   year={1989},
   volume={90},
   pages={4916-4926}}
@article{r32,
   author={E. Steiner and P. W. Fowler},
   journal={Phys. Chem. Chem. Phys.},
   year={2004},
   volume={6},
   pages={261-272}}
@article{r33,
   author={J. H. van Lenthe and G. G. Balint-Kurti},
   journal={J. Chem. Phys.},
   year={1983},
   volume={78},
   pages={5699-5713}}
@remark{r34,
      note={Verbeek, J.; Langenberg, J. H.; Byrman, C. P.; Dijkstra, F.; Engelberts, J. J.; van Lenthe, J. H. \textit{TURTLE, an ab initio VB/VBSCF program} 1988--2005.}}
@article{r35,
   author={M. F. Guest and I. J. Bush and H. J. J. van Dam and P. Sherwood and J. M. H. Thomas and J. H. van Lenthe and R. W. A. Havenith and J. Kendrick},
   title={The GAMESS-UK electronic structure package: Algorithms, developments and applications},
   journal={Mol. Phys.},
   volume={103},
   pages={719-747},
   year={2005}}
@article{r36,
   author={B. H. Chirgwuin and C. A. Coulson},
   journal={Proc. R. Soc. London},
   year={1950},
   volume={A201},
   pages={196-209}}
@article{r37,
   author={D. L. Cooper and S. C. Wright and J. Gerratt and P. A. Hyams},
   journal={J. Chem. Soc., Perkin Trans. 2},
   year={1989}, 
   volume={6},
   pages={719-724}}
