@article{lewis,
      author={G. N. Lewis},
      journal={J. Am. Chem. Soc.},
      year={1916},
      volume={38},
      pages={762-785}}
@article{hartree1,
      author={D. R. Hartree},
      journal={Proc. Cam. Phil. Soc.},
      year={1928},
      volume={24},
      pages={89-110}}
@article{hartree2,
      author={D. R. Hartree},
      journal={Proc. Cam. Phil. Soc.},
      year={1928},
      volume={24},
      pages={111-132}}
@article{hartree3,
      author={D. R. Hartree},
      journal={Proc. Cam. Phil. Soc.},
      year={1928},
      volume={24},
      pages={426-437}}
@article{fock,
      author={V. Fock},
      journal={Z. Physik},
      year={1930},
      volume={61},
      pages={126-148}}
@article{gvb1,
      author={R. C. Ladner and W. A. {Goddard III}}, 
      journal={J. Chem. Phys.},
      volume={51},
      year={1969},
      pages={1073-1087}}
@article{gvb2,
      author={W. A. {Goddard III} and R. C. Ladner},
      journal={J. Am. Chem. Soc.},
      volume={93},
      year={1971},
      pages={6750-6756}}
@article{gvb3,
      author={W. J. Hunt and P. J. Hay and W. A. {Goddard III}},
      journal={J. Chem. Phys},
      volume={57},
      year={1972},
      pages={738-748}}
@inbook{gvb4,
      booktitle={Modern Theoretical Chemistry},
      author={F. M. Bobrowicz and W. A. {Goddard III}},
      editor={H. F. {Schaefer III}},
      volume={3},
      publisher={Plenum Press},
      address={New York},
      year={1977},
      pages={79-126},
      title={The self consistent field equations for generalized 
      valence bond and open-shell Hartree-Fock wave functions}}
@inbook{wahldasbook,
      booktitle={Modern Theoretical Chemistry},
      author={A. C. Wahl and G. Das},
      editor={H. F. {Schaefer III}},
      volume={3},
      publisher={Plenum Press},
      address={New York},
      year={1977},
      pages={51-78},
      title={The Multiconfiguration Self-Consistent Field Method}}
@article{gamess,
      author={M. F. Guest and I. J. Bush and H. J. J. van Dam and P. Sherwood and J. M. H. Thomas and J. H. van Lenthe and R. W. A. Havenith and J. Kendrick},
      title={The GAMESS-UK electronic structure package: Algorithms, developments and applications},
      journal={Mol. Phys.},
      volume={103},
      pages={719-747},
      year={2005}}
@remark{turtle,
      note={Verbeek, J.; Langenberg, J. H.; Byrman, C. P.; Dijkstra, F.; Havenith, R. W. A.; Engelberts, J. J.; Zielinski, M. L.; Rashid, Z.; van Lenthe, J. H. \textit{TURTLE, an ab initio VB/VBSCF program} 1988--2013.}}
@article{boys1,
      author={S. F. Boys},
      journal={Rev. Mod. Phys.},
      volume={32},
      year={1960},
      pages={296-299}}
@article{boys2,
      author={J. M. Foster and S. F. Boys},
      volume={32},
      year={1960},
      pages={300-203}}
@article{koos1,
      author={J. H. van Lenthe and J. Verbeek and P. Pulay},
      title={Convergence and efficiency of the valence bond self-consistent field method},
      journal={Mol. Phys.},
      volume={73},
      year={1991},
      pages={1159-1170}}
@article{koos2,
      author={J. Verbeek and J. H. van Lenthe},
      title={On the Evaluation of Non-Orthogonal Matrix Elements},
      journal={J. Mol. Struct. (Theochem)},
      volume={229},
      year={1991},
      pages={115-137}}
@article{vbscf1,
      author={J. H. van Lenthe and G. G. Balint-Kurti},
      journal={Chem. Phys. Lett},
      volume={76},
      year={1980},
      pages={138-142}}
@article{vbscf2,
      author={J. H. van Lenthe and G. G. Balint-Kurti},
      journal={J. Chem. Phys},
      volume={78},
      year={1983},
      pages={5699-5713}}
@article{bovb1,
      author={P. C. Hiberty and S. Humbel and C. P. Byrman and J. H. van Lenthe},
      title={Compact Valence Bond Functions with Breathing Orbitals: Application 
      to the Bond Dissociation Energies of F$_{2}$ and FH},
      journal={J. Chem. Phys.},
      volume={101},
      year={1994},
      pages={5969-5976}}
@inbook{bovb2,
      booktitle={Valence Bond Theory},
      author={P. C. Hiberty and S. S. Shaik},
      editor={D. L. Cooper},
      publisher={Elsevier},
      address={Amsterdam},
      year={2002},
      title={Breathing-Orbital Valence Bond -- A Valence Bond Method Incorporating
      Static and Dynamic Electron Correlation Effects}}
@inbook{joopboek,
      booktitle={Valence Bond Theory},
      author={J. H. van Lenthe and F. Dijkstra and R. W. A. Havenith},
      editor={D. L. Cooper},
      publisher={Elsevier},
      address={Amsterdam},
      year={2002},
      pages={79-116},
      title={TURTLE -- A Gradient VBSCF Program, Theory and Studies of Aromaticity}}
@inbook{casvb1,
      booktitle={Valence Bond Theory},
      author={H. Nakano and K. Sorakubo and K. Nakayama and K. Hirao},
      editor={D. L. Cooper},
      publisher={Elsevier},
      address={Amsterdam},
      year={2002},
      pages={55-78},
      title={Complete active space valence bond (CASVB) method and its application to chemical reactions}}
@article{casvb2,
      author={K. Hirao and H. Nakano and K. Nakayama},
      journal={J. Chem. Phys.},
      volume={105},
      year={1996},
      pages={9227-9239}}
@article{casvb3,
      author={K. Hirao and H. Nakano and K. Nakayama},
      journal={J. Chem. Phys.},
      volume={107},
      year={1997},
      pages={9966-9974}}
@article{thor1,
      author={T. Thorsteinsson and D. L. Cooper and J. Gerratt and P. B. Karadakov and M. Raimondi},
      journal={Theor. Chim. Acta},
      volume={93},
      year={1996},
      pages={343-366}}
@article{thor2,
      author={T. Thorsteinsson and D. L. Cooper},
      journal={Theor. Chim. Acta},
      volume={94},
      year={1996},
      pages={233-245}}
@article{thor3,
      author={T. Thorsteinsson and D. L. Cooper and J. Gerratt and M. Raimondi},
      journal={Theor. Chim. Acta},
      volume={95},
      year={1997},
      pages={131-150}}
@article{thor4,
      author={T. Thorsteinsson and D. L. Cooper and J. Gerratt and M. Raimondi},
      journal={Mol. Eng.},
      volume={7},
      year={1997},
      pages={67-85}}
@article{bovb3,
      author={P. C. Hiberty and S. S. Shaik},
      title={BOVB -- A Modern Valence Bond Method That Includes Dynamic Correlation},
      journal={Theor. Chem. Acc.},
      volume={108},
      year={2002},
      pages={255-272}}
@article{molden,
      author={G.Schaftenaar and J.H. Noordik},
      title={Molden: a pre- and post-processing program for molecular and
      electronic structures},
      journal={J. Comput.-Aided Mol. Design},
      volume={14},
      year={2000},
      pages={123-134}}
@article{budzelaar,
      author={P. H. M. Budzelaar and J. J. Engelberts and J. H. van Lenthe},
      title={Trends in Cyclopentadienyl-Main-Group-Metal Bonding},
      journal={Organometallics},
      year={2003},
      volume={22},
      pages={1562-1576}}
@article{shaik,
      author={L. Song and W. Wu and Q. Zhang and S. S. Shaik},
      title={VBPCM: A Valence Bond Method that Incorporates a Polarizable Continuum Model},
      journal={J. Phys. Chem. A},
      year={2004},
      volume={108},
      pages={6017-6024}}
@article{gradients,
      author={F. Dijkstra and J. H. van Lenthe},
      title={Gradients in Valence Bond Theory},
      journal={Chem. Phys. Lett.},
      year={1999},
      volume={310},
      pages={553-556}}
@article{parallel,
      author={F. Dijkstra and J. H. van Lenthe},
      title={Parallel Valence Bond},
      journal={J. Comput. Chem.},
      volume={22},
      year={2001},
      pages={665-672}}
@book{hell,
      author={H. Hellmann},
      title={Einf\"uhrung in der Quantenchemie},
      publisher={Deuticke},
      address={Leipzig},
      year={1937}}
@article{feyn,
      author={R. P. Feynman},
      journal={Phys. Rev.},
      volume={56},
      year={1939},
      pages={340-343}}
@article{cooper1,
      author={D. L. Cooper and J. Gerratt and M. Raimondi},
      journal={Nature},
      year={1986},
      volume={323},
      pages={699-701}}
@inbook{cooper2,
      author={D. L. Cooper and J. Gerratt and M. Raimondi},
      title={Advances in the Theory of Benzenoid Hydrocarbons},
      booktitle={Topics in Current Chemistry},
      publisher={Springer},
      address={Berlin Heidelberg},
      year={1990},
      pages={41-55}}
@inbook{mcscf,
      author={B. O. Roos},
      title={The Multiconfigurational (MC) Self-Consistent Field (SCF) Theory},
      booktitle={Lecture Notes in Quantum Chemistry},
      publisher={Springer},
      address={Berlin Heidelberg},
      year={1992},
      pages={177-254}}
@article{bent,
      author={F. Dijkstra and J. H. van Lenthe},
      journal={Int. J. Quant. Chem.},
      year={1999},
      volume={74},
      pages={213-221}}
@article{remcolowdin,
      author={R. W. A. Havenith and J. H. van Lenthe and F. Dijkstra and L. W. Jenneskens},
      journal={J. Phys. Chem. A},
      year={2001},
      volume={105},
      pages={3838-3845}}
@article{indacene,
      author={R. W. A. Havenith and J. J. Engelberts and P. W. Fowler and E. Steiner and J. H. van Lenthe and P. Lazzeretti}, 
      journal={Phys. Chem. Chem. Phys.},
      volume={6},
      year={2004},
      pages={289-294}}
@article{fowler,
      author={A. Soncini and C. Domene and J. J. Engelberts and P. W. Fowler and A. Rassat and J. H. van Lenthe and R. W. A. Havenith and L. W. Jenneskens},
      journal={Chem. Eur. J.},
      volume={11},
      year={2005},
      pages={1257-1266}}
@article{jenneskens,
      author={J. J. Engelberts and R. W. A. Havenith and J. H. van Lenthe and L. W. Jenneskens and P. W. Fowler},
      journal={Inorg. Chem.},
      volume={44},
      pages={5266-5272},
      year={2005}}
@article{cyclohexatriene,
      author={J. H. van Lenthe and R. W. A. Havenith and F. Dijkstra and L. W. Jenneskens},
      journal={Chem. Phys. Lett.},
      volume={361},
      year={2002},
      pages={203-208}}
@article{benzyne,
      author={F. {De Proft} and P. {Von Rague Schleyer} and J. H. van Lenthe and F. Stahl and P. Geerlings},
      journal={Chem. Eur. J.},
      volume={8},
      year={2002},
      pages={3402-3410}}
@article{bestbenzene,
      author={F. Dijkstra and J. H. van Lenthe and R. W. A. Havenith and L. W. Jenneskens},
      journal={Int. J. Quant. Chem.},
      volume={91},
      year={2003},
      pages={566-574}}
@article{yardley,
      author={R. N. Yardley and G. G. Balint-Kurti},
      journal={Mol. Phys.},
      volume={31},
      pages={921-941},
      year={1976}}
@article{heitler,
      journal={Z. Physik},
      author={W. Heitler and F. London},
      year={1927},
      volume={44},
      pages={455-472}}
@book{march,
      author={M. B. Smith and J. March},
      booktitle={March's Advanced Organic Chemistry},
      edition={5th},
      publisher={John Wiley \& Sons},
      address={New York},
      year={2001},
      pages={12}}
@article{superci1,
      author={F. Grein and T. C. Chang},
      journal={Chem. Phys. Lett.},
      year={1971},
      volume={12},
      pages={44-48}}
@article{superci2,
      author={A. Banerjee and F. Grein},
      journal={Int. J. Quantum Chem.},
      year={1976},
      volume={10},
      pages={123-134}}
@inbook{brillouin,
      booktitle={Actualit\'{e}s Scientifiques et Industriels},
      author={L. Brillouin},
      volume={159},
      publisher={Hermann et cie},
      address={Paris},
      year={1934},
      title={Les champs "Self-Consistents" de Hartree et de Fock}}
@article{genbrill,
      author={B. Levy and G. Berthier},
      journal={Int. J. Quantum Chem.},
      year={1968},
      volume={2},
      pages={307-319}}
@article{diis1,
      author={P. Pulay},
      journal={Chem. Phys. Lett.},
      volume={73},
      year={1980},
      pages={393-398}}
@article{diis2,
      author={T. P. Hamilton and P. Pulay},
      journal={J. Chem. Phys.},
      volume={84},
      year={1986},
      pages={5728-5734}}
@article{level1,
      author={V. R. Saunders and I. H. Hillier},
      journal={Int. J. Quantum Chem.},
      volume={7},
      year={1973},
      pages={699-705}}
@article{level2,
      author={A. Banerjee and F. Grein},
      journal={J. Chem. Phys.},
      volume={66},
      year={1977},
      pages={1054-1062}}
@phdthesis{joop,
      author={J. H. van Lenthe},
      title={MCSCF Methods Based Upon The Generalized Brillouin Theorem: Theory And Applications},
      year={1979},
      school={Utrecht University}}
@article{daswahl,
      author={G. Das and A. C. Wahl},
      journal={J. Chem. Phys.},
      volume={56},
      year={1970},
      pages={1769-1775}}
@book{cooperbook,
      editor={D. L. Cooper},
      title={Valence Bond Theory},
      year={2002},
      edition={1st},
      publisher={Elsevier},
      address={Amsterdam}}
@article{roos1,
      author={B. O. Roos and P. R. Taylor and P. E. M. Siegbahn},
      journal={Chem. Phys.},
      volume={48},
      year={1980},
      pages={157-173}}
@article{roos2,
      author={P. E. M. Siegbahn and J. Alml\"{o}f and A. Heiberg and B. O. Roos},
      journal={J. Chem. Phys.},
      volume={74},
      year={1981},
      pages={2384-2396}}
@article{song,
      author={L. Song and J. Song and Y. Mo and W. Wu},
      title={An Efficient Algorithm for Energy Gradients and Orbital Optimization in Valence Bond Theory},
      journal={J. Comput. Chem.},
      volume={30},
      year={2009},
      pages={399-406}}
@remark{xmvb,
      note={Song, L.; Chen, Z.; Ying, F.; Song, J.; Chen, X.; Su, P.; Mo, Y.; Zhang, Q.; Wu, W. \textit{Xiamen Valence Bond, an ab initio Non-Orthogonal Valence Bond Program}, version 2.0, manual of June 2012.}}
@article{zahid,
      author={Z. Rashid and J. H. van Lenthe},
      journal={J. Chem. Phys.},
      volume={138},
      year={2013},
      pages={054105}}
@article{davidson,
      author={E. R. Davidson},
      journal={J. Comp. Phys.},
      volume={17},
      pages={87-94},
      year={1975}}
@article{pauling1,
      author={L. Pauling}, 
      journal={J. Am. Chem. Soc.},
      year={1931},
      volume={53},
      pages={1367-1400}}
@article{pauling2,
      author={L. Pauling},
      journal={J. Am. Chem. Soc.},
      year={1931},
      volume={53},
      pages={3225-3237}}
@article{pauling3,
      author={L. Pauling},
      journal={J. Am. Chem. Soc.},
      year={1932},
      volume={54},
      pages={988-1003}}
@article{pauling4,
      author={L. Pauling},
      journal={J. Am. Chem. Soc.},
      year={1932},
      volume={54},
      pages={3570-3582}}
@article{pauling5,
      author={L. Pauling and G. W. Wheland},
      journal={J. Chem. Phys.},
      volume={1},
      pages={362-374},
      year={1933}}
@article{pauling6,
      author={L. Pauling and J. Sherman},
      journal={J. Chem. Phys.},
      volume={1},
      pages={606-617},
      year={1933}}
@article{pauling7,
      author={L. Pauling and J. Sherman},
      journal={J. Chem. Phys.},
      volume={1},
      pages={679-686},
      year={1933}}
@book{paulingbook,
      author={L. Pauling},
      title={The Nature Of The Chemical Bond},
      edition={2nd},
      year={1945},
      publisher={Cornell University Press},
      address={Ithaca, New York}}
@book{aitken,
      author={A. C. Aitken},
      title={Determinants and Matrices},
      year={1959},
      publisher={Oliver and Boyd},
      address={Edinburgh},
      edition={9th}}
@phdthesis{fokkeproef,
      title={Valence Bond Theory: Implementation And Use Of Analytical Gradients},
      author={F. Dijkstra},
      year={2000},
      school={Utrecht University}}
@article{scvb1,
      author={D. L. Cooper and J. Gerratt and M. Raimondi},
      journal={Adv. Chem. Phys.},
      volume={69},
      year={1987},
      pages={319-397}}
@article{scvb2,
      author={D. L. Cooper and J. Gerratt and M. Raimondi},
      journal={Chem. Rev.},
      volume={91},
      year={1991},
      pages={929-964}}
@article{scvb3,
      author={D. L.Cooper and J. Gerratt and M. Raimondi and M. Sironi and T. Thorsteinsson},
      journal={Theor. Chim. Acta},
      volume={85},
      year={1993},
      pages={261-270}}
@article{weeny1,
      author={R. McWeeny},
      journal={Proc. R. Soc. London},
      volume={A223},
      year={1954},
      pages={63-79}}
@article{weeny2,
      author={R. McWeeny},
      journal={Proc. R. Soc. London},
      volume={A223},
      year={1954},
      pages={306-323}}
@article{weeny3,
      author={R. McWeeny},
      journal={Proc. R. Soc. London},
      volume={A227},
      year={1955},
      pages={288-312}}
@article{coulson,
      author={C. A. Coulson and I. Fischer},
      journal={Philos. Mag.},
      volume={40},
      year={1949},
      pages={386-393}}
@book{szabo,
      author={A. Szabo and N. S. Ostlund},
      title={Modern Quantum Chemistry: Introduction to Advanced Electronic Structure Theory},
      year={1989},
      edition={1st},
      address={Mineola, New York},
      publisher={Dover Publications, Inc.}}
@article{lowdin,
      author={P. O. L\"{o}wdin},
      journal={Phys. Rev.},
      volume={97},
      year={1955},
      pages={1474-1489}}
@article{ruttink,
      author={P. J. A. Ruttink},
      journal={Theor, Chim. Acta (Berlin)},
      volume={36},
      year={1975},
      pages={289-296}}
@article{631g1,
      author={W. J. Hehre and R. Ditchfield and J. A. Pople},
      journal={J. Chem. Phys.},
      volume={56},
      pages={2257-2261},
      year={1972}}
@article{631g2,
      author={D. Dill and J. A. Pople},
      journal={J. Chem. Phys.},
      volume={62},
      pages={2921-2923},
      year={1975}}
@article{slater,
      title = {The Theory of Complex Spectra},
      author = {Slater, J. C.},
      journal = {Phys. Rev.},
      volume = {34},
      issue = {10},
      pages = {1293-1322},
      year = {1929},
      month = {Nov},
      doi = {10.1103/PhysRev.34.1293},
      url = {http://link.aps.org/doi/10.1103/PhysRev.34.1293},
      publisher = {American Physical Society}}
@book{vboverv1,
      editor={D. L. Cooper},
      title={Valence Bond Theory},
      year={2002},
      edition={1st},
      publisher={Elsevier},
      address={Amsterdam}}
@article{vboverv2,
      author={P. C. Hiberty and S. Shaik},
      title={A survey of recent developments in ab initio valence bond theory},
      journal={J. Comput. Chem.},
      volume={28},
      year={2007},
      pages={137-151}}
@book{vboverv3,
      author={S. Shaik and P. C. Hiberty},
      title={A Chemist's Guide To Valence Bond Theory},
      year={2008},
      edition={1st},
      publisher={John Wiley \& Sons, Inc.},
      address={Hoboken, New Jersey}}
@remark{pauli,
      note={The antisymmetry principle is a commonly used postulate in quantum chemistry. The antisymmetry principle states that the total wave function must change sign when the spatial and spin coordinates of two electrons are interchanged.}}
