@article{lauvergnat,
      author={D. Lauvergnat and P. C. Hiberty and D. Danovich and S. S. Shaik},
      journal={J. Phys. Chem},
      year={1996},
      volume={100},
      pages={5715-5720}}
@article{mcgivern,
      author={W. S. McGivern and A. Derecskei-Kovacs and S. W. North and J. S. Francisco},
      journal={J. Phys. Chem. A},
      volume={104},
      year={2000},
      pages={436-442}}
@article{luo,
      author={Y.-R. Luo and P. D. Pacey},
      journal={J. Phys. Org. Chem.},
      year={1991},
      volume={4},
      pages={562-565}}
@book{mcmurry,
      author={J. McMurry},
      booktitle={Organic Chemistry},
      edition={2nd},
      publisher={Brooks/Cole Publishing Company},
      address={Pacific Grove, California},
      year={1988}}
@book{march,
      author={M. B. Smith and J. March},
      booktitle={March's Advanced Organic Chemistry},
      edition={5th},
      publisher={John Wiley \& Sons},
      address={New York},
      year={2001},
      pages={12}}
@article{basch,
      author={H. Basch},
      journal={Inorg. Chim. Acta},
      year={1996},
      volume={252},
      pages={265-279}}
@article{gamess,
      author={M. F. Guest and I. J. Bush and H. J. J. van Dam and P. Sherwood and J. M. H. Thomas and J. H. van Lenthe and R. W. A. Havenith and J. Kendrick},
      title={The GAMESS-UK electronic structure package: Algorithms, developments and applications},
      journal={Mol. Phys.},
      volume={103},
      pages={719-747},
      year={2005}}
      @remark{turtle,
      note={Verbeek, J.; Langenberg, J. H.; Byrman, C. P.; Dijkstra, F.; Engelberts, J. J.; van Lenthe, J. H. \textit{TURTLE, an ab initio VB/VBSCF program} 1988--2005.}}
@article{jenneskens,
      author={J. J. Engelberts and R. W. A. Havenith and J. H. van Lenthe and L. W. Jenneskens and P. W. Fowler},
      journal={Inorg. Chem.},
      volume={44},
      year={2005},
      pages={5266-5272}}
@article{gvb1,
      author={R. C. Ladner and W. A. {Goddard III}}, 
      journal={J. Chem. Phys.},
      volume={51},
      year={1969},
      pages={1073-1087}}
@article{gvb2,
      author={W. A. {Goddard III} and R. C. Ladner},
      journal={J. Am. Chem. Soc.},
      volume={93},
      year={1971},
      pages={6750-6756}}
@article{gvb3,
      author={W. J. Hunt and P. J. Hay and W. A. {Goddard III}},
      journal={J. Chem. Phys.},
      volume={57},
      year={1972},
      pages={738-748}}
@inbook{gvb4,
      booktitle={Methods of electronic structure theory},
      author={F. M. Bobrowicz and W. A. {Goddard III}},
      editor={H. F. {Schaefer III}},
      chapter={4},
      volume={3},
      publisher={Plenum Press},
      address={New York},
      year={1977},
      pages={79-126},
      title={The self consistent field equations for generalized valence bond and open-shell Hartree-Fock wave functions}}
@article{vbscf1,
      author={J. H. van Lenthe and G. G. Balint-Kurti},
      journal={Chem. Phys. Lett.},
      volume={76},
      year={1980},
      pages={138-142}}
@article{vbscf2,
      author={J. H. van Lenthe and G. G. Balint-Kurti},
      journal={J. Chem. Phys.},
      volume={78},
      year={1983},
      pages={5699-5713}}
@article{bovb1,
      author={P. C. Hiberty and S. Humbel and C. P. Byrman and J. H. van Lenthe},
      journal={J. Chem. Phys.},
      volume={101},
      year={1994},
      pages={5969-5976}}
@inbook{bovb2,
      booktitle={Valence Bond Theory},
      author={P. C. Hiberty and S. Shaik},
      editor={D.L. Cooper},
      publisher={Elsevier},
      address={Amsterdam},
      year={2002},
      pages={187-226},
      title={Breathing-Orbital Valence Bond -- A Valence Bond Method Incorporating Static and Dynamic Electron Correlation Effects}}
@article{bovb3,
      author={P. C. Hiberty and S. Shaik},
      journal={Theor. Chem. Acc.},
      volume={108},
      year={2002},
      pages={255-272}}
@article{molden,
      author={G. Schaftenaar and J. H. Noordik},
      journal={J. Comput.-Aided Mol. Design},
      volume={14},
      year={2000},
      pages={123-134}}
@article{song,
      author={L. Song and W. Wu and Q. Zhang and S. Shaik},
      journal={J. Phys. Chem. A},
      volume={108},
      year={2004},
      pages={6017-6024}}
@article{pcm1,
      author={S. Miertus and E. Scrocco and J. Tomasi},
      journal={Chem. Phys.},
      year={1981},
      volume={55},
      pages={117-129}}
@article{pcm2,
      author={S. Miertus and J. Tomasi},
      journal={Chem. Phys.},
      year={1982},
      volume={65},
      pages={239-245}}
@article{pipek,
      author={J. Pipek and P. G. Mezey},
      journal={J. Chem. Phys.},
      year={1989},
      volume={90},
      pages={4916-4926}}
@article{bondi,
      author={A. Bondi},
      journal={J. Phys. Chem.},
      volume={68},
      pages={441-451},
      year={1964}}
@article{lewis,
      author={G. N. Lewis},
      journal={J. Am. Chem. Soc.},
      year={1916},
      volume={38},
      pages={782-795}}
@book{handbook,
      editor={D. R. Lide},
      title={Handbook Of Chemistry And Physics},
      edition={71st},
      year={1990},
      publisher={CRC Press},
      address={Boca Raton}}
@article{drf1,
      author={A. H. de Vries and P. Th. van Duijnenand A. H. Juffer and J. A. C. Rullmann and J. P.Dijkman and H. Merenga and B. T. Thole},
      journal={J. Comput. Chem.},
      volume={16},
      year={1995},
      pages={37-55}}
@article{drf2,
      author={P. Th. van Duijnen and A. H. de Vries},
      journal={Int. J. Quant. Chem.},
      volume={60},
      year={1996},
      pages={1111-1132}}
@article{cosmo1,
      author={A. Klamt and G. Sch\"{u}\"{u}rmann},
      journal={J. Chem. Soc. Perkin Trans.},
      volume={2},
      year={1993},
      pages={799-805}}
@article{cosmo2,
      author={K. Baldridge and A. Klamt},
      journal={J. Chem. Phys.},
      volume={106},
      year={1997},
      pages={6622-6633}}
@article{scaling,
      author={M. Orozco and F. J. Luque},
      journal={Chem. Phys.},
      volume={182},
      year={1994},
      pages={237-248}}
@article{coulson,
      author={B. H. Chirgwin and C. A. Coulson},
      journal={Proc. Royal Soc. London A},
      year={1950},
      volume={201},
      pages={196-209}}    
@article{interpret,
      author={R. W. A. Havenith and J. H. van Lenthe and L. W. Jenneskens and J. J. Engelberts},
      journal={Faraday Discuss.},
      year={2007},
      volume={135},
      pages={299-308}}